1611881687176,32.88073278099425,-117.23048042697005,71.41932295288105,88,123,10,11
1611881687257,32.88073819311664,-117.23046827811557,71.40855634412036,88,123,10,11
1611881687349,32.88074359937244,-117.23045605263007,71.40088197340239,88,123,11,11
1611881687469,32.880749108102975,-117.23044384766412,71.39431988699332,87,123,11,11
1611881687574,32.88075465596919,-117.23043159470285,71.38402637706896,87,123,12,11
1611881687666,32.88076025491259,-117.23041928038832,71.381248604632,87,123,12,11
1611881687773,32.880765825403095,-117.23040691403781,71.37412125450601,87,123,12,11
1611881687929,32.88077142264524,-117.23039451072265,71.36102148756045,87,123,12,11
1611881688078,32.88077707902427,-117.23038205563248,71.3554610161387,86,123,11,11
1611881688182,32.8807827208496,-117.23036952187779,71.35337387294734,86,123,11,11
1611881688264,32.88078840899092,-117.23035699928394,71.34967403638318,86,123,11,11
1611881688358,32.8807941309836,-117.23034446589958,71.3447419864306,86,123,11,11
1611881688439,32.8807998680107,-117.23033188190499,71.3464831834213,86,123,11,11
1611881688570,32.880805621412726,-117.23031926919,71.3505493622265,86,123,11,11
1611881688672,32.88081138651128,-117.2303066839882,71.34879997301528,85,123,11,11
1611881688753,32.88081711176263,-117.23029406222842,71.34106778605006,85,123,11,11
1611881688881,32.88082286368938,-117.23028144423311,71.33300561263827,85,123,11,11
1611881689023,32.880828597235734,-117.23026881787119,71.32672510524952,85,123,11,11
1611881689102,32.88083433246237,-117.23025617800005,71.32433050558963,85,123,11,11
1611881689207,32.88084008663706,-117.23024353581756,71.32625054939781,84,123,11,11
1611881689295,32.880845824432576,-117.23023088658461,71.32551182483972,84,123,11,11
1611881689383,32.88085158353544,-117.23021827736417,71.3179703147918,84,123,11,11
1611881689473,32.88085734879037,-117.23020568986792,71.30351088003566,84,123,11,11
1611881689581,32.88086312991977,-117.23019308774477,71.29452556053471,84,123,11,11
1611881689694,32.88086889441537,-117.2301804793007,71.28306670428226,83,123,11,11
1611881689775,32.88087464444649,-117.23016791682036,71.2635782223235,83,123,11,11
1611881689990,32.88089762938027,-117.23011783178254,71.20351066283632,83,123,13,11
1611881690071,32.88090337712776,-117.23010534484929,71.19335531390814,83,123,13,11
1611881690156,32.880909132624296,-117.2300928749542,71.18288236992085,83,123,13,11
1611881690265,32.880914859123145,-117.23008039743249,71.17361030528456,82,123,13,11
1611881690395,32.88092056502212,-117.23006793948385,71.16377995781733,82,123,13,11
1611881690518,32.88092624675242,-117.23005549759922,71.15170477250292,82,123,13,11
1611881690597,32.8809318472915,-117.2300430451476,71.1381832024865,82,123,13,11
1611881690704,32.88093739356092,-117.23003062060286,71.12161237059414,82,123,13,11
1611881690882,32.88094289625932,-117.2300182432051,71.10170192954737,82,123,13,11
1611881690964,32.8809483477006,-117.23000589448353,71.08226449700427,82,123,13,11
1611881691069,32.880953780603456,-117.22999359423937,71.06721839292355,82,123,13,11
1611881691154,32.88095918111899,-117.22998132175019,71.05686320451362,82,123,12,11
1611881691235,32.88096455999503,-117.22996910014149,71.04865837548938,82,123,12,11
1611881691316,32.88096987923129,-117.22995692023115,71.0387484362942,82,123,12,11
1611881691438,32.88097518344328,-117.22994481886985,71.02639344679427,81,123,11,11
1611881691565,32.88098042660488,-117.22993274079482,71.01493347963223,81,123,11,11
1611881691646,32.88098563265579,-117.229920714209,71.00925333759128,81,123,11,11
1611881691729,32.8809908513693,-117.22990875971969,71.00630047954364,81,123,11,11
1611881691801,32.88099600705814,-117.22989684356054,71.00075467949752,81,123,11,11
1611881691892,32.881001142974924,-117.22988501461484,70.99143961741369,81,123,12,11
1611881692004,32.881006275877766,-117.22987328212463,70.97672580141342,81,123,12,11
1611881692094,32.8810113805367,-117.22986157910972,70.97053877822925,81,122,12,11
1611881692175,32.88101645271898,-117.22984990181816,70.96821932937891,81,122,12,11
1611881692244,32.88102147840156,-117.22983830782707,70.9608275961441,81,122,12,11
1611881692402,32.88102650034119,-117.22982681756508,70.94747003393189,81,122,12,11
1611881692529,32.881031475369895,-117.22981537591853,70.93540205736691,81,122,12,11
1611881692610,32.881036418777384,-117.2298039656493,70.93317855741458,81,122,12,11
1611881692694,32.881041343086906,-117.22979261272584,70.93452918913522,81,122,12,11
1611881692962,32.88104621721134,-117.22978133408176,70.93000771499312,81,122,12,11
1611881693041,32.88105105277465,-117.22977014115988,70.91799820513418,81,122,12,11
1611881693145,32.88105587385885,-117.22975903773893,70.90386730619223,81,122,13,11
1611881693228,32.88106066978103,-117.22974800777708,70.89312065040907,81,122,12,11
1611881693315,32.88106538790969,-117.22973703292992,70.88753689826345,81,122,12,11
1611881693394,32.88107002113455,-117.2297261787184,70.88352355745488,81,122,12,11
1611881693522,32.88107460055562,-117.229715501095,70.87242161639938,81,122,12,11
1611881693640,32.88107914218295,-117.22970501118667,70.85963926712638,81,122,12,11
1611881693719,32.88108358729206,-117.22969464663971,70.85096983629728,81,122,12,11
1611881693800,32.881087977629434,-117.22968444386076,70.84598664288538,81,122,12,11
1611881693954,32.88109228648736,-117.22967442723879,70.83860081706842,81,122,12,11
1611881694048,32.88109654155855,-117.229664609865,70.82998831566263,81,122,12,11
1611881694152,32.88110074117799,-117.2296549797681,70.8202362913652,82,122,12,11
1611881694234,32.881104875602276,-117.22964547577328,70.81853274344306,82,122,12,11
1611881694320,32.88110893785741,-117.22963616816094,70.81323204549633,83,122,12,11
1611881694391,32.8811128945082,-117.22962702947487,70.80786375812937,83,122,12,11
1611881694534,32.881116758315095,-117.22961810038991,70.79069006839613,83,122,12,11
1611881694647,32.88112060756263,-117.22960935218785,70.78009211932584,83,122,12,11
1611881694728,32.88112436459415,-117.22960075385912,70.77586603948336,84,122,12,11
1611881694840,32.88112796313246,-117.22959226069065,70.77966365445917,84,122,12,11
1611881695049,32.88113154552895,-117.22958396966519,70.78157454292985,85,122,12,11
1611881695130,32.8811350900963,-117.22957586022848,70.77652159523615,85,122,12,11
1611881695235,32.88113857848159,-117.22956786898256,70.77563126410018,85,122,12,11
1611881695320,32.88114199721458,-117.22956001446012,70.77347678597643,85,122,12,11
1611881695404,32.8811453786183,-117.22955231574151,70.77471420511252,86,122,13,11
1611881695473,32.88114869581791,-117.22954474094132,70.7804418414765,86,122,13,11
1611881695611,32.881151990479744,-117.22953733311111,70.77819478556407,86,122,13,11
1611881695725,32.88115519155235,-117.22953006736424,70.77383493935734,87,122,13,11
1611881695823,32.88115830751948,-117.22952292217626,70.77254150745006,87,122,13,11
1611881695904,32.881161375934404,-117.22951592654515,70.77007554716599,87,122,13,11
1611881695986,32.8811644629394,-117.22950910720019,70.76652626150504,87,122,13,11
1611881696067,32.881167462475496,-117.22950237784185,70.77200849152129,88,122,13,11
1611881696173,32.88117033596545,-117.2294957567534,70.77861882444002,88,122,13,11
1611881696257,32.88117315420192,-117.22948927970269,70.78805309492088,88,122,13,11
1611881696355,32.88117595990779,-117.2294829902412,70.79364361919055,89,122,13,11
1611881696438,32.88117869436091,-117.2294768748557,70.79277246318105,88,122,14,11
1611881696564,32.881181319136,-117.22947088465226,70.79909314980017,89,122,14,11
1611881696839,32.88119094073514,-117.2294494038999,70.8276253021034,89,122,14,11
1611881696921,32.88119304341028,-117.22944462473328,70.83466419750425,89,122,14,11
1611881697027,32.881195115080494,-117.22944012316762,70.83395613763265,90,122,13,11
1611881697109,32.88119706863221,-117.22943583536487,70.83471619147363,90,122,13,11
1611881697191,32.88119887154522,-117.22943173611533,70.84314178258802,90,122,13,11
1611881697273,32.88120058326722,-117.22942787784282,70.85148884095878,90,122,13,11
