1612315217735,32.863275214525714,-116.92007942636981,90.21509472797392,85,146,15,11
1612315217817,32.86327856737759,-116.92005299168358,90.21921670588686,84,144,15,11
1612315217909,32.863281945421775,-116.92002632345174,90.234112261121,84,143,15,11
1612315218063,32.86328526119395,-116.91999992549552,90.24877375580692,84,142,15,11
1612315218164,32.86328853545514,-116.91997361703883,90.25022750047329,83,141,15,11
1612315218257,32.86329179887525,-116.91994745131699,90.24157884023788,83,140,15,11
1612315218338,32.863294996962026,-116.91992140529896,90.23936531081733,83,139,15,11
1612315218468,32.86329817427189,-116.91989544621146,90.24439521198858,83,138,15,11
1612315218657,32.86331053245519,-116.91979300299626,90.25340153602644,82,135,15,11
1612315218754,32.863313550600715,-116.91976777838275,90.27466355189064,82,134,15,11
1612315218857,32.86331653385418,-116.91974275083078,90.27823439966578,82,133,15,11
1612315218962,32.86331950577569,-116.91971792676438,90.26829956389797,82,133,15,11
1612315219063,32.86332245403642,-116.91969324288218,90.26407344591694,82,132,15,11
1612315219151,32.863325363196935,-116.91966869232058,90.26675646637936,82,131,15,11
1612315219301,32.86332822167826,-116.91964431995136,90.26830824349959,82,131,15,11
1612315219438,32.86333105236907,-116.91962011762699,90.2743337176865,83,130,15,11
1612315219531,32.863333859705776,-116.91959606461722,90.28473457290625,83,130,15,11
1612315219623,32.86333666046275,-116.91957220608244,90.28812408383246,83,129,15,11
1612315219709,32.86333941883568,-116.91954850061936,90.29430645014058,83,129,15,11
1612315219792,32.863342160336835,-116.91952498594262,90.29491290709501,84,128,15,11
1612315219873,32.86334489169892,-116.91950163109335,90.3007478360427,84,128,15,11
1612315219994,32.86334761600464,-116.91947844370486,90.30833248806601,85,128,15,11
1612315220076,32.86335030787374,-116.91945542049484,90.31483904831929,85,127,15,11
1612315220233,32.86335299089029,-116.91943257679007,90.31672749748648,85,127,15,11
1612315220368,32.86335564804057,-116.91940989919381,90.31901133279432,86,127,15,11
1612315220469,32.863358296096095,-116.91938737622161,90.31968516248844,86,126,15,11
1612315220560,32.86336091535182,-116.91936504182573,90.3147445961958,86,126,15,11
1612315220724,32.86336348255004,-116.9193428965038,90.30219864383298,87,126,15,11
1612315220804,32.86336600520094,-116.91932091551935,90.29780035316472,87,125,15,11
1612315220889,32.86336851118094,-116.91929912872267,90.29635031559745,87,125,15,11
1612315220969,32.86337101093197,-116.9192774658705,90.31134030812538,87,125,15,11
1612315221070,32.86337354203391,-116.91925599957028,90.32089433936295,88,125,15,11
1612315221163,32.863376118371235,-116.91923476077581,90.31603092853842,88,125,15,11
1612315221253,32.86337872898643,-116.9192136983893,90.31524429265815,88,124,15,11
1612315221378,32.863381374667796,-116.91919281287664,90.32000715642825,88,124,15,11
1612315221529,32.86338403392466,-116.91917212676252,90.32208825398295,88,124,15,11
1612315221624,32.86338670680543,-116.91915162879346,90.32416415426896,89,124,15,11
1612315221718,32.86338940250257,-116.91913128844537,90.33274693409543,89,124,15,11
1612315221866,32.863392143508094,-116.9191111392081,90.3371534249291,89,124,15,11
1612315221947,32.863394932139045,-116.9190912149516,90.32819154759807,89,124,15,11
1612315222041,32.863397746801574,-116.9190715244138,90.30794138509448,89,123,15,11
1612315222150,32.863400561824065,-116.91905201800657,90.29661581502013,89,123,15,11
1612315222244,32.863403399793,-116.91903266107533,90.29857272402155,89,123,15,11
1612315222342,32.86340628123332,-116.91901341941099,90.31428121471666,90,123,15,11
1612315222473,32.86340922706865,-116.91899424858035,90.32884755784171,90,123,15,11
1612315222568,32.86341225264821,-116.91897508770137,90.34008831185227,90,123,15,11
1612315222659,32.86341539171561,-116.91895584896362,90.35012951103833,90,123,15,11
1612315222755,32.863418646961215,-116.91893648232595,90.3613497235945,90,123,15,11
1612315222841,32.86342200348406,-116.91891695768643,90.3686201241332,90,123,15,11
1612315222984,32.86342547352399,-116.91889725183171,90.3735683798829,90,123,15,11
1612315223066,32.863429041209955,-116.91887734671208,90.38001999543607,90,123,15,11
1612315223169,32.86343272353887,-116.91885721624982,90.3929954306712,89,123,15,11
1612315223278,32.86343645907091,-116.91883690539264,90.40208056997291,88,122,15,11
1612315223440,32.8634521760211,-116.91875416919547,90.43608570389435,87,122,15,11
1612315223551,32.86345613446759,-116.9187332046133,90.4453154912085,86,122,15,11
1612315223658,32.86346003562733,-116.91871216077651,90.45397249534021,86,122,15,11
1612315223817,32.86346389352788,-116.91869102436955,90.4679709652602,86,122,15,11
1612315223921,32.86346764535614,-116.9186698100622,90.48328465181078,85,122,15,11
1612315224002,32.863471308785755,-116.91864849904506,90.50240636762055,85,122,15,11
1612315224091,32.86347491053186,-116.91862711785173,90.51974433713339,85,122,15,11
1612315224181,32.863478469286754,-116.91860571932449,90.53030411229972,84,122,15,11
1612315224306,32.8634819787365,-116.91858430381295,90.54016642232678,84,122,15,11
1612315224402,32.863485410750165,-116.91856285918038,90.54987250725075,84,122,15,11
1612315224493,32.863488774064834,-116.91854140553605,90.5640152769334,83,122,15,11
1612315224604,32.86349208432881,-116.91852000834476,90.57552867181704,83,122,15,11
1612315224756,32.863495333025014,-116.91849869741523,90.58612822116287,83,122,15,11
1612315224834,32.86349854369767,-116.91847748839493,90.60153526773391,83,122,15,11
1612315224928,32.86350163288473,-116.9184564445068,90.60931203728624,82,122,15,11
1612315225030,32.86350461023836,-116.91843554397316,90.61694242571869,82,122,15,11
1612315225112,32.863507562681605,-116.91841478340675,90.62843091740228,82,122,15,11
1612315225191,32.86351044528146,-116.91839415264326,90.64930338109131,82,122,15,11
1612315225338,32.86351326733894,-116.91837372280136,90.66372850195836,82,122,15,11
1612315225487,32.863516045651146,-116.91835352895849,90.67038893929089,81,122,15,11
1612315225577,32.86351879291354,-116.91833359022714,90.67783280990386,81,122,15,11
1612315225737,32.863521517462424,-116.91831395485617,90.6817593929904,81,122,15,11
1612315225822,32.86352420571196,-116.91829461654213,90.69420218993606,81,122,15,11
1612315225901,32.863526842109394,-116.91827556118913,90.71359718970204,81,122,15,11
1612315225983,32.86352943767297,-116.91825681724086,90.7332991594548,82,122,15,11
1612315226085,32.86353197545096,-116.91823839487316,90.75031786171263,82,122,15,11
1612315226172,32.86353446590223,-116.91822029924538,90.76722920008228,82,122,15,11
1612315226253,32.86353688509045,-116.91820256178579,90.77748427878463,82,122,15,11
1612315226414,32.863539249850604,-116.91818519724299,90.78587101734318,82,122,15,11
1612315226535,32.863541572057386,-116.9181682124772,90.7961269042457,82,122,15,11
1612315226605,32.863543849492544,-116.91815158629673,90.81751987186527,82,122,15,11
1612315226765,32.86354607519215,-116.91813538882552,90.8357026641472,82,122,15,11
1612315226837,32.86354823113091,-116.91811963857289,90.84283999659529,82,122,15,11
1612315226927,32.86355031394463,-116.9181043471111,90.84637545019518,83,122,15,11
1612315227033,32.863552357756575,-116.91808956090372,90.84386251878561,83,122,15,11
1612315227117,32.863554364625614,-116.9180752348243,90.84598706389926,83,122,15,11
1612315227197,32.86355636686361,-116.9180613492023,90.85888793030264,83,122,15,11
1612315227282,32.86355835982524,-116.91804793334778,90.86898474890376,83,122,15,11
1612315227435,32.86356038867394,-116.91803498738075,90.87264374442822,83,122,15,11
1612315227603,32.863562366645205,-116.91802346187484,90.87317436840286,86,124,15,11
1612315227671,32.863564617828104,-116.91801119323539,90.8745084473249,89,126,15,11
1612315227765,32.863566969306206,-116.9179993959577,90.87531106987365,91,127,15,11
