1612484096014,32.80539730964172,-117.22295363652842,-28.53977566787008,79,120,15,11
1612484096133,32.80539731824475,-117.22295364858688,-28.540788318269573,79,120,15,11
1612484096236,32.80539733099098,-117.2229536653579,-28.541850653881358,80,120,15,11
1612484096398,32.8053973392372,-117.22295368449102,-28.542999019732626,79,120,15,11
1612484096488,32.80539734766068,-117.2229537052259,-28.5435611667554,79,120,15,11
1612484096572,32.805397361907005,-117.22295372610049,-28.54517018218272,79,120,15,11
1612484096699,32.805397368899015,-117.22295373703518,-28.54596135436663,79,120,15,11
1612484096841,32.80539737943019,-117.22295376061724,-28.547362178292897,79,120,15,11
1612484096922,32.80539738934847,-117.22295377397776,-28.548125537878033,79,120,15,11
1612484097003,32.80539740325668,-117.22295378766114,-28.549139264653764,79,120,15,11
1612484097087,32.80539741111681,-117.22295380790304,-28.55034840367934,79,120,15,11
1612484097190,32.80539741952614,-117.2229538196224,-28.551506193427034,79,120,15,11
1612484097355,32.80539742772323,-117.22295383626498,-28.552747589931926,79,120,15,11
1612484097432,32.805397435792635,-117.22295384968466,-28.553851108367137,79,120,15,11
1612484097523,32.80539744859236,-117.22295386644933,-28.555098720438693,79,120,15,11
1612484097610,32.80539745775894,-117.22295387864695,-28.55636228038228,79,120,15,11
1612484097712,32.80539747225975,-117.22295388782628,-28.557065280464602,79,120,15,11
1612484097897,32.805397481387494,-117.22295390645473,-28.558456026394666,79,120,15,11
1612484097988,32.80539748785039,-117.2229539209018,-28.559197403896096,79,120,15,11
1612484098061,32.80539750208189,-117.2229539313252,-28.560686631141714,79,120,15,11
1612484098154,32.80539751164953,-117.2229539435759,-28.562389911440054,79,120,15,11
1612484098264,32.80539752078702,-117.22295396112241,-28.563076539330552,79,120,15,11
1612484098360,32.80539753610992,-117.22295396775341,-28.56454350863715,79,120,15,11
1612484098516,32.80539754073339,-117.22295398492192,-28.56594194763584,79,120,15,11
1612484098597,32.80539755491219,-117.22295399977547,-28.5673850677702,79,120,15,11
1612484098680,32.80539755922148,-117.2229540130398,-28.568810748661825,79,120,15,11
1612484098782,32.80539756830918,-117.22295403269214,-28.570464846245862,79,120,15,11
1612484098908,32.80539757879898,-117.22295404387073,-28.572072668527102,79,120,15,11
1612484099003,32.805397586799636,-117.2229540577247,-28.573467777400115,79,120,15,11
1612484099093,32.80539760959839,-117.22295406263714,-28.573971553231733,79,120,15,11
1612484099176,32.80539765915028,-117.22295407393618,-28.57534361135749,79,120,15,11
1612484099287,32.80539771677108,-117.22295408849928,-28.57774333992801,79,120,15,11
1612484099369,32.805397727591064,-117.22295410032814,-28.580387660784044,79,120,15,11
1612484099449,32.805397660517976,-117.22295412738497,-28.58445148537389,79,120,15,11
1612484099702,32.805395647590764,-117.22295449054029,-28.609728519517585,79,120,15,11
1612484099792,32.80539457675613,-117.22295461201408,-28.615606570399756,79,120,15,11
1612484099861,32.80539323985991,-117.22295477006215,-28.628311351896617,79,120,15,11
1612484099957,32.80539163001,-117.2229549300115,-28.647242800896795,79,120,15,11
1612484100069,32.805389759667364,-117.22295508767613,-28.670204112770403,80,120,15,11
1612484100153,32.80538761241124,-117.22295524485897,-28.69316227518445,80,120,15,11
1612484100238,32.80538518399634,-117.22295540534637,-28.708353487288182,80,120,15,11
1612484100329,32.805382498004505,-117.22295563529373,-28.723281600213106,80,120,15,11
1612484100488,32.80537956858005,-117.22295589172813,-28.732759559465848,80,120,14,11
1612484100591,32.80537642188073,-117.22295616200824,-28.72645318780235,81,120,14,11
1612484100708,32.805373120164596,-117.22295654967536,-28.71943008737903,81,120,13,11
1612484100798,32.805369694639815,-117.22295699410623,-28.691556236941018,81,121,13,11
1612484100879,32.80536618551985,-117.22295746847942,-28.643864299408026,81,121,13,11
1612484101042,32.80536266035692,-117.22295791259366,-28.593851815223996,82,121,13,11
1612484101144,32.80535917946965,-117.22295838118035,-28.53987627555009,82,121,13,11
1612484101239,32.80535580628328,-117.22295910515184,-28.49720234477281,82,121,13,11
1612484101321,32.80535253369138,-117.22295998229961,-28.467559614828172,82,121,13,11
1612484101478,32.80534934323084,-117.22296096382131,-28.443137007610872,82,121,13,11
1612484101560,32.80534625006251,-117.22296206700572,-28.418239431547214,83,121,13,11
1612484101664,32.80534332649689,-117.22296322306416,-28.392219684560335,83,121,13,11
1612484101842,32.80534054582352,-117.22296439193232,-28.377796427762654,82,121,13,11
1612484101926,32.80533796825438,-117.22296567991151,-28.373985534660708,82,121,13,11
1612484102033,32.80533553164233,-117.22296706905846,-28.364694231600133,82,121,13,11
1612484102118,32.8053331559887,-117.22296854366925,-28.35665570519374,83,121,12,11
1612484102221,32.80533085145401,-117.22297009293723,-28.35340925226703,83,121,12,11
1612484102303,32.80532865019179,-117.2229717490778,-28.353128292820962,83,121,12,11
1612484102402,32.8053264999992,-117.22297352429621,-28.354252085244152,83,121,14,11
1612484102549,32.80532445982819,-117.22297531893864,-28.3527716930692,83,121,14,11
1612484102648,32.80532249339583,-117.22297717381628,-28.347951073834945,83,121,14,11
1612484102750,32.80532059479859,-117.22297908895042,-28.339303087095708,83,121,13,11
1612484102865,32.805318777590344,-117.22298104923182,-28.336370167218092,83,121,13,11
1612484102961,32.80531702585091,-117.22298305636875,-28.337314131812867,83,121,13,11
1612484103042,32.80531532963252,-117.22298512579238,-28.336335868027994,83,121,13,11
1612484103130,32.805313714276025,-117.22298723996707,-28.33606200350383,83,121,12,11
1612484103232,32.80531215975332,-117.2229893555094,-28.338249552947474,83,121,12,11
1612484103388,32.80531069040394,-117.2229915264475,-28.342233666008585,83,121,12,11
1612484103463,32.8053092844323,-117.22299372859118,-28.348110938793056,83,121,12,11
1612484103564,32.80530794062779,-117.22299595415905,-28.35331545920565,83,121,12,11
1612484103734,32.805302993778234,-117.22300502291934,-28.363807910108854,83,122,12,11
1612484103816,32.80530187490543,-117.22300731278445,-28.370187661124955,83,122,12,11
1612484103928,32.80530080595485,-117.223009634706,-28.381006798327576,83,122,12,11
1612484104030,32.80529975875768,-117.22301197602316,-28.382812230751753,83,122,12,11
1612484104136,32.80529876131953,-117.22301428186378,-28.379698418056876,83,122,12,11
1612484104282,32.80529777621397,-117.22301655222562,-28.374020838024826,83,122,11,11
1612484104374,32.80529684675614,-117.22301879936818,-28.366637611514538,83,122,11,11
1612484104460,32.80529594596902,-117.22302106806005,-28.362188765084248,83,122,14,11
1612484104562,32.80529507469601,-117.22302327373849,-28.355646147326212,83,122,13,11
1612484104673,32.80529420250788,-117.22302541523224,-28.350972845060387,83,122,13,11
1612484104764,32.80529340019848,-117.22302740504936,-28.34863419886673,83,122,13,11
1612484104849,32.80529265798749,-117.22302918486643,-28.345984469093203,83,122,13,11
1612484104932,32.805291982097295,-117.22303077068624,-28.342486068827963,83,122,13,11
1612484105062,32.80529137353595,-117.22303210528081,-28.33960572257005,83,122,12,11
1612484105147,32.805290862830255,-117.2230333305983,-28.33917215699728,83,122,10,11
1612484105290,32.805290416292394,-117.22303436775348,-28.339269797496524,83,122,10,11
1612484105381,32.80529001468096,-117.22303531945796,-28.342760795634323,83,122,10,11
1612484105466,32.8052896406024,-117.22303619979276,-28.33959889754354,83,122,10,11
1612484105568,32.805289264183955,-117.2230371106326,-28.337898485011927,83,122,12,11
1612484105743,32.80528888914705,-117.22303801734661,-28.338500203931584,83,122,12,11
1612484105824,32.80528851196997,-117.2230389388148,-28.340450009928848,83,122,11,11
1612484105895,32.80528813076224,-117.22303983468079,-28.340262055311825,83,122,11,11
1612484105989,32.80528775253302,-117.22304075134969,-28.338972350290078,84,122,11,11
1612484106107,32.80528735964292,-117.22304170674037,-28.338042776542455,84,122,11,11
